% ------- STANDARDS AND SPECIFICATIONS -------
@online{webauthn_standard,
	author			= {},
	publisher		= {W3C},
	title			= {Web Authentication: An API for accessing Public Key Credentials},
	month			= {03},
	year			= {2019},
	url				= {https://www.w3.org/TR/webauthn/},
	urldate			= {2020-04-01}
}

@online{fido2_overview,
	publisher		= {FIDO Alliance},
	title			= {FIDO2: WebAuthn & CTAP},
	url				= {https://fidoalliance.org/fido2/},
	urldate			= {2020-04-01}
}

@online{fido2_webauthn,
	publisher		= {FIDO Alliance},
	title			= {FIDO2: Web Authentication (WebAuthn)},
	url				= {https://fidoalliance.org/fido2/fido2-web-authentication-webauthn/},
	urldate			= {2020-04-07}
}

@online{mdn_webauthn,
	publisher		= {Mozilla Developer network},
	title			= {Web Authentication API},
	url				= {https://developer.mozilla.org/de/docs/Web/API/Web_Authentication_API},
	urldate			= {2020-04-15}
}

% ------- FIDO2 -------
@online{hunt2018b,
	author			= {Troy Hunt},
	publisher		= {Troy Hunt},
	title			= {Beyond Passwords: 2FA, U2F and Google Advanced Protection},
	month			= {11},
	year			= {2018},
	url				= {https://www.troyhunt.com/beyond-passwords-2fa-u2f-and-google-advanced-protection/},
	urldate			= {2020-03-25}
}

@online{leitner2019,
	author			= {Felix von Leitner},
	publisher		= {Fefes Blog},
	title			= {},
	month			= {10},
	year			= {2019},
	url				= {https://blog.fefe.de/?ts=a3695c14},
	urldate			= {2020-04-20}
}

@inproceedings{lyastani2020,
	year			= {2020},
	booktitle		= {41st IEEE Symposium on Secruity and Privacy (IEEE S&P)},
	author			= {Sanam Ghorbani Lyastani and Michael Schilling and Michaela Neumayr and Michael Backes and Sven Bugiel},
	title			= {Is FIDO2 the Kingslayer of User Authentication? A Comparative Usability Study of FIDO2 Passwordless Authentication},
	publisher		= {Oakland Association}
}

@online{chonng2018,
	author			= {Jerrod Chong},
	publisher		= {Yubico Blog},
	title			= {10 Things Youâ€™ve Been Wondering About FIDO2, WebAuthn, and a Passwordless World},
	month			= {08},
	year			= {2018},
	url				= {https://www.yubico.com/blog/10-things-youve-been-wondering-about-fido2-webauthn-and-a-passwordless-world/},
	urldate			= {2020-04-20}
}

% ------- PASSWORDS -------
@online{hunt2018a,
	author			= {Troy Hunt},
	publisher		= {Troy Hunt},
	title			= {Here's Why [Insert Thing Here] Is Not a Password Killer},
	month			= {11},
	year			= {2018},
	url				= {https://www.troyhunt.com/heres-why-insert-thing-here-is-not-a-password-killer/},
	urldate			= {2020-03-25}
}

@article{lyastani2018,
	author 			= {Sanam Ghorbani Lyastani and Michael Schilling and Sascha Fahl and Michael Backes and Sven Bugiel},
	title 			= {Better managed than memorized? Studying the Impact of Managers on Password Strength and Reuse},
	journal 		= {USENIX Security Symposium},
	year 			= {2018},
	number 			= {27},
	pages 			= {203-220}
}

@online{mehta2018,
	author			= {Yogesh Mehta},
	publisher		= {Microsoft Security Team},
	title			= {Building a world without passwords},
	month			= {05},
	year			= {2018},
	url				= {https://www.microsoft.com/security/blog/2018/05/01/building-a-world-without-passwords/},
	urldate			= {2020-03-25}
}

% ------- IN THE NEWS -------
@online{ng2019,
	author			= {Alfred Ng},
	publisher		= {cnet},
	title			= {Google looks to leave passwords behind for a billion Android devices},
	month			= {02},
	year			= {2019},
	url				= {https://www.cnet.com/news/google-looks-to-leave-passwords-behind-for-a-billion-android-devices/},
	urldate			= {2020-04-01}
}

@online{mingis2020,
	author			= {Ken Mingis and Juliet Beauchamp and Lucas Mearian},
	publisher		= {Computerworld},
	title			= {FIDO Alliance and the future of passwords},
	month			= {03},
	year			= {2020},
	url				= {https://www.computerworld.com/article/3530435/fido-alliance-and-the-future-of-passwords.html},
	urldate			= {2020-04-01}
}